<?xml version="1.0" encoding="UTF-8"?><collection xmlns="http://www.loc.gov/MARC21/slim"><record><leader>00737nam--2200193-i-4500</leader><controlfield tag="001">000012528</controlfield><controlfield tag="002">20161230</controlfield><controlfield tag="005">20161230201029</controlfield><controlfield tag="008">060222s1000------------r-----000-0-eng-d</controlfield><datafield ind1=" " ind2=" " tag="040"><subfield code="a">IFIN-HH</subfield></datafield><datafield ind1=" " ind2=" " tag="080"><subfield code="a">535.853(082.1)</subfield></datafield><datafield ind1="1" ind2=" " tag="100"><subfield code="a">Baer, William K</subfield></datafield><datafield ind1="1" ind2="0" tag="245"><subfield code="a">Developments in applied spectroscopy</subfield><subfield code="b">Volume 6. selected papers from the eighteenth annual mid-america spectroscopy symposium held in chicago, illinois, may 15 - 18, 1967</subfield><subfield code="c">WILLIAM K. BAER; ALFRED J. PERKINS; E.L. GROVE (Eds.)</subfield></datafield><datafield ind1=" " ind2=" " tag="260"><subfield code="a">New York</subfield><subfield code="b">Plenum Press</subfield><subfield code="c">1968</subfield></datafield><datafield ind1=" " ind2=" " tag="300"><subfield code="a">403p</subfield></datafield><datafield ind1=" " ind2=" " tag="490"><subfield code="a">A Publication Of The Chicago Sectrion Of The Society For Applied Spectroscopy</subfield></datafield><datafield ind1="1" ind2=" " tag="700"><subfield code="a">Grove, E.L</subfield><subfield code="e">Ed</subfield></datafield><datafield ind1=" " ind2=" " tag="852"><subfield code="a">18304</subfield><subfield code="c">535.33</subfield></datafield><datafield ind1=" " ind2=" " tag="CAT"><subfield code="a">Sys</subfield><subfield code="c">20101202</subfield><subfield code="h">115950</subfield></datafield></record></collection>